<record><leader>00000nas a22000007i 4500</leader><controlfield tag="001">871535691</controlfield><controlfield tag="006">m     o  d        </controlfield><controlfield tag="007">cr |||||||||||</controlfield><controlfield tag="008">140306c20109999nyuqr n o     0   a0eng  </controlfield><datafield ind1=" " ind2=" " tag="010"><subfield code="a">  2014200261</subfield></datafield><datafield ind1=" " ind2=" " tag="040"><subfield code="a">DLC</subfield><subfield code="e">rda</subfield><subfield code="c">DLC</subfield><subfield code="b">eng</subfield><subfield code="e">rda</subfield></datafield><datafield ind1=" " ind2=" " tag="012"><subfield code="l">1</subfield></datafield><datafield ind1="0" ind2=" " tag="022"><subfield code="a">2334-105X</subfield><subfield code="2">1</subfield></datafield><datafield ind1=" " ind2=" " tag="037"><subfield code="b">P.O. Box 121019, Brooklyn, NY 11212</subfield><subfield code="c">free</subfield></datafield><datafield ind1=" " ind2=" " tag="042"><subfield code="a">nsdp</subfield><subfield code="a">pcc</subfield></datafield><datafield ind1="1" ind2="0" tag="050"><subfield code="a">ISSN RECORD</subfield></datafield><datafield ind1="1" ind2="0" tag="082"><subfield code="a">289.9</subfield><subfield code="2">15</subfield></datafield><datafield ind1=" " ind2="0" tag="222"><subfield code="a">Panoplia (Brooklyn, New York, N.Y. Online)</subfield></datafield><datafield ind1="0" ind2="0" tag="245"><subfield code="a">Panoplia.</subfield></datafield><datafield ind1=" " ind2="1" tag="264"><subfield code="a">:</subfield><subfield code="b">?</subfield><subfield code="c">?</subfield></datafield><datafield ind1=" " ind2="1" tag="264"><subfield code="a">Brooklyn, NY :</subfield><subfield code="b">City of Refuge Ministries Inc.,</subfield><subfield code="c">2010-</subfield></datafield><datafield ind1=" " ind2=" " tag="310"><subfield code="a">Quarterly</subfield></datafield><datafield ind1=" " ind2=" " tag="336"><subfield code="a">text</subfield><subfield code="b">txt</subfield><subfield code="2">rdacontent</subfield></datafield><datafield ind1=" " ind2=" " tag="337"><subfield code="a">computer</subfield><subfield code="b">c</subfield><subfield code="2">rdamedia</subfield></datafield><datafield ind1=" " ind2=" " tag="338"><subfield code="a">online resource</subfield><subfield code="b">cr</subfield><subfield code="2">rdacarrier</subfield></datafield><datafield ind1="1" ind2=" " tag="362"><subfield code="a">Began with: Volume 1, Issue 1 in 2010.</subfield></datafield><datafield ind1=" " ind2=" " tag="538"><subfield code="a">Mode of access: Email</subfield></datafield><datafield ind1=" " ind2=" " tag="588"><subfield code="a">Description based on: Volume 1, Issue 1; title from pdf caption (viewed March 6, 2014).</subfield></datafield><datafield ind1=" " ind2=" " tag="588"><subfield code="a">Latest issue consulted: Volume 1, Issue 1 (pdf viewed March 6, 2014).</subfield></datafield><datafield ind1="0" ind2="8" tag="776"><subfield code="t">Panoplia</subfield><subfield code="x">2334-1041</subfield><subfield code="w">(DLC)  2014200260</subfield><subfield code="w">(OCoLC)871535288</subfield></datafield><datafield ind1="4" ind2=" " tag="856"><subfield code="u">http://destinyempowerment.org/</subfield></datafield></record>